@article{desain1993tempo,
  title={Tempo curves considered harmful},
  author={Desain, P. and Honing, H.},
  journal={Contemporary Music Review},
  volume={7},
  number={2},
  pages={123--138},
  year={1993},
  publisher={Routledge}
}

@inproceedings{yqx,
  title={Expressive performance rendering: Introducing performance context},
  author={Flossmann, S. and Grachten, M. and Widmer, G.},
  booktitle={Proceedings of the SMC 2009â€”6th Sound and Music Computing Conference},
  pages={155--160},
  year={2009}
}

@article{kim2010performance,
  title={PERFORMANCE RENDERING FOR POLYPHONIC PIANO MUSIC WITH A COMBINATION OF PROBABILISTIC MODELS FOR MELODY AND HARMONY},
  author={Kim, T.H. and Fukayama, S. and Nishimoto, T. and Sagayama, S.},
  year={2010}
}

@article{widmer2004computational,
  title={Computational models of expressive music performance: The state of the art},
  author={Widmer, G. and Goebl, W.},
  journal={Journal of New Music Research},
  volume={33},
  number={3},
  pages={203--216},
  year={2004},
  publisher={Routledge}
}

@article{temperley2009unified,
  title={A Unified Probabilistic Model for Polyphonic Music Analysis},
  author={Temperley, D.},
  journal={Journal of New Music Research},
  volume={38},
  number={1},
  pages={3--18},
  year={2009},
  publisher={Routledge}
}

@book{lerdahl1996generative,
  title={A generative theory of tonal music},
  author={Lerdahl, F. and Jackendoff, R. and Jackendoff, R.S.},
  year={1996},
  publisher={The MIT Press}
}

@article{markwin,
  title={Aspects of a Formal Theory of Music Cognition},
  author={van den Berg, M.J.},
  year={1996},
  publisher={In eigen beheer}
}

@article{schellenberg1997simplifying,
  title={Simplifying the implication-realization model of melodic expectancy},
  author={Schellenberg, E.G.},
  journal={Music Perception},
  volume={14},
  number={3},
  pages={295--318},
  year={1997},
  publisher={JSTOR}
}

@article{timmers2002music,
  title={On music performance, theories, measurement and diversity},
  author={Timmers, R. and Honing, H.},
  journal={Cognitive Processing (International Quarterly of Cognitive Sciences)},
  volume={1},
  number={2},
  pages={1--19},
  year={2002}
}

@article{honing1992expresso,
  title={Expresso, a strong and small editor for expression},
  author={Honing, H.},
  journal={San Francisco: International Computer Music Association},
  pages={215--218},
  year={1992}
}

@article{widmer2004computational,
  title={Computational models of expressive music performance: The state of the art},
  author={Widmer, G. and Goebl, W.},
  journal={Journal of New Music Research},
  volume={33},
  number={3},
  pages={203--216},
  year={2004},
  publisher={Routledge}
}

@inproceedings{hashida2008new,
  title={A New Music Database Describing Deviation Information of Performance Expressions},
  author={Hashida, M. and Matsui, T. and Katayose, H.},
  booktitle={Proc. of the 9th International Conference on Music Information Retrieval (ISMIR). Philadelphia},
  year={2008}
}

@inproceedings{ishikawa2000extraction,
  title={Extraction of musical performance rule using a modified algorithm of multiple regression analysis},
  author={Ishikawa, O. and Aono, Y. and Katayose, H. and Inokuchi, S.},
  booktitle={Proceedings of the 2000 International Computer Music Conference},
  pages={348--351},
  year={2000}
}

@inproceedings{hashida2006pop,
  title={Pop-E: A performance rendering system for the ensemble music that considered group expression},
  author={Hashida, M. and Nagata, N. and Katayose, H.},
  booktitle={Proceedings of 9th International Conference on Music Perception and Cognition},
  pages={526--534},
  year={2006}
}

@inproceedings{hashida2007jpop,
  title={jPop-E: an assistant system for performance rendering of ensemble music},
  author={Hashida, M. and Nagata, N. and Katayose, H.},
  booktitle={Proceedings of the 7th international conference on New interfaces for musical expression},
  pages={313--316},
  year={2007},
  organization={ACM}
}

@inproceedings{hirata2002ha,
  title={Ha-Hi-Hun: Performance rendering system of high controllability},
  author={Hirata, K. and Hiraga, R.},
  booktitle={Proceedings of ICAD, Rencon Workshop},
  year={2002},
  organization={Citeseer}
}

@article{grindlay2006modeling,
  title={Modeling, analyzing, and synthesizing expressive piano performance with graphical models},
  author={Grindlay, G. and Helmbold, D.},
  journal={Machine learning},
  volume={65},
  number={2},
  pages={361--387},
  year={2006},
  publisher={Springer}
}


@inproceedings{teramura2008gaussian,
  title={Gaussian process regression for rendering music performance},
  author={Teramura, K. and Okuma, H. and Taniguchi, Y. and Makimoto, S. and Maeda, S.},
  booktitle={Proceedings of the 10th International Conference on Music Perception and Cognition (ICMPC)},
  year={2008}
}

@article{friberg2000generating,
  title={Generating musical performances with Director Musices},
  author={Friberg, A. and Colombo, V. and Fryd{\'e}n, L. and Sundberg, J.},
  journal={Computer Music Journal},
  volume={24},
  number={3},
  pages={23--29},
  year={2000},
  publisher={JSTOR}
}